@article{IEEEexample:bluebookarticle,
  author        = "{Consulative Committee for Space Data Systems (CCSDS)}",
  title         = "Telemetry Channel Coding",
  journal       = "Blue Book",
  number        = "4",
  year          = "1999",
  url           = "http://www.ccsds.org/documents/pdf/CCSDS-101.0-B-4.pdf"
}
